@MISC{OEIS_unitsq_int_dir,
  author={Sloane, Neil J. A. and The OEIS Foundation Inc.},
  title={{The On-Line Encyclopedia of Integer Sequences}},
  year={2021},
  howpublished={\url{https://oeis.org/A346232}}}

@MISC{OEIS_unitsq_int_inv,
  author={Sloane, Neil J. A. and The OEIS Foundation Inc.},
  title={The {On-Line Encyclopedia of Integer Sequences}},
  year={2021},
  howpublished={\url{https://oeis.org/A346693}}}

@BOOK{Abbott15,
author = "Stephen Abbott",
title = "Understanding Analysis",
edition = "Second",
publisher = "Springer",
year = 2015}

@BOOK{Mathai99,
author = "Arak M. Mathai",
title = "An Introduction to Geometrical Probability",
publisher = "Gordon and Breach",
year = 1999}

@ARTICLE{Ramaley69,
author = "James F. Ramaley",
title = "{Buffon's} Noodle Problem",
journal = "The American Mathematical Monthly",
volume = 76,
number = 8,
year = 1969,
month = oct,
pages = "916-918"}

@ARTICLE{Arnow94,
author = "Berry J. Arnow",
title = "On {Laplace's} Extension of the {Buffon} Needle Problem",
journal = "The College Mathematics Journal",
volume = 25,
number = 1,
year = 1994,
month = jan,
pages = "40-43"}

@BOOK{Hirsch99,
author = "Gilles Hirsch and Francis Lacombe",
title = "Elements of Functional Analysis",
publisher = "Springer",
year = 1999}
