@MISC{OEIS_unitsq_int_dir,
  author={Sloane, Neil J. A. and The OEIS Foundation Inc.},
  title={The On-Line Encyclopedia of Integer Sequences},
  year={2021},
  howpublished={\url{https://oeis.org/A346232}}}

@MISC{OEIS_unitsq_int_inv,
  author={Sloane, Neil J. A. and The OEIS Foundation Inc.},
  title={The On-Line Encyclopedia of Integer Sequences},
  year={2021},
  howpublished={\url{https://oeis.org/A346693}}}

@BOOK{Abbott15,
author = "Stephen Abbott",
title = "Understanding Analysis",
edition = "Second",
publisher = "Springer",
year = 2015}

@BOOK{Mathai99,
author = "A. M. Mathai",
title = "An Introduction to Geometrical Probability",
publisher = "Gordon and Breach",
year = 1999}